@STRING{acm  = "ACM Trans.\ on Math. Software"}
@STRING{adg  = "Adv.\ Geophys."}
@STRING{agu  = "Eos Trans.\ AGU"}
@STRING{aiaaj= "AIAA J."}
@STRING{ao   = "Appl.\ Opt."} * Applied Optics
@STRING{bams = "Bull.\ Amer.\ Meteor.\ Soc."}
@STRING{dao  = "Dyn.\ Atmos.\ \& Oceans"} * Dynamics of Atmospheres and Oceans
@STRING{dsr  = "Deep Sea Res."} * Deep-Sea Research
@STRING{gbc  = "Global Biogeochem. Cycles"}
@STRING{gfd  = "Geophys.\ Fluid Dyn."} * Geophysical Fluid Dynamics
@STRING{gji  = "Geophys.\ J. Int."}
@string{grl  = "Geophys.\ Res.\ Let."}
@STRING{ip   = "Inverse Problems"}
@STRING{ijrs = "Int.\ J. Remote Sens."} International Journal of Remote Sensing
@STRING{jam  = "J. Appl.\ Meteor."} * Journal of Applied Meteorology
@STRING{jas  = "J. Atmos.\ Sci."}
@STRING{jasa = "J. Acoust.\ Soc.\ Am."}
@STRING{jbe  = "J. Basic Eng."}
@STRING{jclim= "J. Clim."}
@STRING{jcp  = "J. Comput.\ Phys."}
@STRING{jfm  = "J. Fluid Mech."} * Journal of Fluid Mechanics
@STRING{jfp  = "J. Func.\ Programming"}
@STRING{jgr  = "J. Geophys.\ Res."} * Journal of Geophysical Research
@STRING{joe  = "IEEE J. Oceanic Eng."} * IEEE Journal of Oceanic Engineering
@STRING{joc  = "J. Oceanogr."}
@STRING{josa = "J. Opt.\ Soc.\ Am."}
@STRING{jmr  = "J. Mar.\ Res."} * Journal of Marine Research
@STRING{jms  = "J. Mar.\ Sys."} * Journal of Marine Systems
@STRING{jmsj = "J. Meteor.\ Soc.\ Japan"}
@STRING{jpo  = "J. Phys.\ Oceanogr."} * Journal of Physical Oceanography
@STRING{jtech= "J. Atmos.\ Oceanic Technol."}
@STRING{mwr  = "Mon.\ Weather Rev."}
@STRING{om   = "Ocean Modeling"}
@STRING{pad  = "Physica D"}
@STRING{pf   = "Phys.\ Fluids"} * The Physics of Fluids
@STRING{ph   = "Physics"}
@STRING{pi   = "Proc.\ IEEE"} * Proceedings of the IEEE
@STRING{pr   = "Polar Rec."}
@STRING{prs  = "Proc.\ Roy.\ Soc."} * Proceed. of the Royal Society of London
@STRING{prog = "Prog.\ Oceanogr."}
@STRING{ptrs = "Phil.\ Trans.\ R.\ Soc.\ Lond."}
@STRING{qam  = "Quart.\ Appl.\ Math."} * Quarterly of Applied Mathematics
@STRING{qjrms= "Q.\ J.\ R.\ Meteorol.\ Soc."}
@STRING{rgsp = "Rev.\ Geophys.\ and Space Phys."}
@STRING{rog  = "Rev.\ Geophysics"} * Reviews of Geophysics
@STRING{rs   = "Radio Sci."} * Radio Science
@STRING{tac  = "IEEE Trans.\ Autom. Control"}
@STRING{tass = "IEEE Trans.\ Acoust.\ Speech Signal Process."}
@STRING{tct  = "IEEE Trans.\ Commun.\ Technol."}
@STRING{tgrs = "IEEE Trans.\ Geosci.\ Remote Sens."}
@STRING{tip  = "IEEE Trans.\ Image Processing"}
@STRING{tsp  = "IEEE Trans.\ Signal Processing"}
@STRING{wrm  = "Waves Random Media"}

@ARTICLE{adc97,
  AUTHOR      = "Alistair Adcroft and Chris Hill and John Marshall",
  TITLE       = "The Representation of Topography by Shaved
                 Cells in a Height Coordinate Model",
  JOURNAL     = mwr,
  YEAR        = 1997,
  VOLUME      = 125,
  NUMBER      = 9,
  PAGES       = "2293-2315"}

@ARTICLE{adc04,
  AUTHOR      = "Alistair Adcroft and Jean-Michel Campin and Chris Hill
                 and John C. Marshall",
  TITLE       = "Implementation of an Atmosphere-Ocean General Circulation
                 Model on the Expanded Spherical Cube",
  JOURNAL     = mwr,
  YEAR        = "submitted, available at
          {http://mitgcm.org/\~{\ }adcroft/papers/adcroft\_et\_al\_MWR\_2004.pdf}"}

@ARTICLE{arv96,
  AUTHOR      = "Arvind and Cho and C. Hill and J. Marshall",
  TITLE       = "A Comparison of Implicitly Parallel Multi-Threaded and
                Data-Parallel Implementations of an Ocean Model Based on the
                {Navier Stokes} Equations",
  JOURNAL     = jfp,
  YEAR        = "submitted 1996"}

@INPROCEEDINGS{cam03,
  AUTHOR      = "J.-M. Campin and A. Adcroft and C. Hill and J. Marshall",
  TITLE       = "A Coupled Ocean-Atmosphere {GCM} Using a Single Hydrodynamical Kernel",
  YEAR        = 2003,
  MONTH       = "September 15-19,",
  PAGES       = "45",
  PUBLISHER   = "Max-Planck-Institute for Meteorology",
  BOOKTITLE   = "International Conference on Earth System Modelling",
  ADRESS  = "Hamburg"}

@TECHREPORT{ecc99,
  AUTHOR      = "D. Stammer and R. Davis and L.-L. Fu and I. Fukumori and R. Giering
                 and T. Lee and J. Marotzke and J. Marshall and D. Menemenlis and
                 P. Niiler and C. Wunsch  and V. Zlotnicki",
  TITLE       = "The Consortium for Estimating the Circulation and Climate
                 of the Ocean (ECCO): Science Goals and Task Plan",
  INSTITUTION  = "Scripps Instituttion of Oceanography",
  YEAR        = 1999,
  TYPE  = "The ECCO Report Series",
  NUMBER      = 1,
  ADDRESS     = "9500 Gilman Dr., La Jolla, CA 92093-0239; also available at
                http://www.ecco.ucsd.edu/report/report\_1/report\_1.html"}

@ARTICLE{fla92,
  AUTHOR      = "G. M. Flato and W. D. {Hibler, III}",
  TITLE       = "Modeling pack ice as a cavitating fluid",
  JOURNAL     = jpo,
  YEAR        = 1992,
  VOLUME      = 22,
  PAGES       = "626-651"}

@INCOLLECTION{hei02,
  AUTHOR      = "P. Heimbach and C. Hill and R. Giering",
  TITLE       = "Automatic Generation of Efficient Adjoint Code for a
                 Parallel Navier-Stokes Solver",
  BOOKTITLE   = "Lecture Notes in Computer Science",
  PUBLISHER   = "Springer-Verlag",
  YEAR        = 2002,
  EDITOR      = "J. J. Dongarra and P. M. A. Sloot and C. J. K. Tan",
  PAGES       = "1019-1028",
  ADDRESS     = "New York"}

@ARTICLE{hib79,
  AUTHOR      = "W. D. {Hibler, III}",
  TITLE       = "A Dynamic Thermodynamic Sea Ice Model",
  JOURNAL     = jpo,
  YEAR        = 1979,
  VOLUME      = 9,
  PAGES       = "815-846"}

@ARTICLE{hib80,
  AUTHOR      = "W. D. {Hibler, III}",
  TITLE       = "Modeling a Variable Thickness Sea Ice Cover",
  JOURNAL     = mwr,
  YEAR        = 1980,
  VOLUME      = 1,
  PAGES       = "1943-1973"}

@INPROCEEDINGS{hil95,
  AUTHOR      = "C. Hill and J. Marshall",
  TITLE       = "Application of a Parallel {Navier-Stokes} Model to Ocean
          Circulation",
  BOOKTITLE   = "Proceedings of Parallel CFD '95",
  YEAR        = 1995,
  PUBLISHER   = "Caltech"}

@ARTICLE{hun97,
  AUTHOR      = "E. C. Hunke and J. K. Dukowicz",
  TITLE       = "An elastic-viscous-plastic model for sea ice dynamics",
  JOURNAL     = jpo,
  YEAR        = 1997,
  VOLUME      = 27,
  PAGES       = "1849-1867"}

@ARTICLE{lar94,
  AUTHOR      = "W. G. Large and J. C. McWilliams and S.C. Doney",
  TITLE       = "Oceanic vertical mixing: A review and a model with a nonlocal
                 boundary layer parameterization",
  JOURNAL     = rog,
  YEAR        = 1994,
  VOLUME      = 32,
  PAGES       = "363"}

@ARTICLE{mar97a,
  AUTHOR      = "John Marshall and Alistair Adcroft and Chris Hill and
          Lev Perelman and Curtis Heisey",
  TITLE       = "A Finite-Volume, Incompressible {Navier-Stokes} Model for
          Studies of the Ocean on Parallel Computers",
  JOURNAL     = jgr,
  YEAR        = 1997,
  VOLUME      = 102,
  NUMBER      = "C3",
  PAGES       = "5753-5766",
  MONTH       = "March 15,"}

@ARTICLE{mar97b,
  AUTHOR      = "John Marshall and Chris Hill and Lev Perelman and
          Alistair Adcroft",
  TITLE       = "Hydrostatic, Quasi-Hydrostatic and Non-Hydrostatic Ocean
          Modeling",
  JOURNAL     = jgr,
  YEAR        = 1997,
  VOLUME      = 102,
  NUMBER      = "C3",
  PAGES       = "5733-5752",
  MONTH       = "March 15,"}

@ARTICLE{mck03,
  AUTHOR      = "Galen A. McKinley and Michael J. Follows and John Marshall",
  TITLE       = "Interannual Variability of Air-Sea O$_2$ Fluxes and the Determination
                 of CO$_2$ Sinks Using Atmospheric O$_2$/N$_2$",
  JOURNAL     = grl,
  YEAR        = 2003,
  VOLUME      = 30,
  NUMBER      = 3,
  PAGES       = 1101}

@TECHREPORT{men94a,
  AUTHOR      = "Dimitris Menemenlis and Carl Wunsch",
  TITLE       = "Ocean-Climate Estimation Using {ATOC}",
  INSTITUTION  = "{ATOC} Occasional Notes",
  YEAR        = 1994,
  NUMBER      = 23,
  MONTH       = dec}

@TECHREPORT{men95c,
  AUTHOR      = "Dimitris Menemenlis and Carl Wunsch",
  TITLE       = "Recent North Pacific Climatology for {ATOC}",
  INSTITUTION  = "{ATOC} Occasional Notes",
  YEAR        = 1995,
  NUMBER      = 30,
  MONTH       = mar}

@ARTICLE{men97,
  AUTHOR      = "Dimitris Menemenlis and Carl Wunsch",
  TITLE       = "Linearization of an Oceanic Circulation Model for Data
                Assimilation and Climate Studies",
  JOURNAL     = jtech,
  YEAR        = 1997,
  VOLUME      = 14,
  NUMBER      = 6,
  PAGES       = "1420-1443"}

@ARTICLE{men97a,
  AUTHOR      = "Dimitris Menemenlis and Tony Webb and Carl Wunsch and Uwe
          Send and Chris Hill",
  TITLE       = "Basin-Scale Ocean Circulation from Combined Altimetric,
          Tomographic and Model Data",
  JOURNAL     = "Nature",
  YEAR        = 1997,
  VOLUME      = 385,
  PAGES       = "618-621"}

@ARTICLE{men97b,
  AUTHOR      = "D. Menemenlis and D. Stammer and C. Wunsch and B. D.
          Dushaw and {the ATOC group}",
  TITLE       = "Preliminary Estimates of north {Pacific} Circulation from
          Combined Altimetry, Acoustic Tomography, and a General
          Circulation Model",
  JOURNAL     = "International WOCE Newsletter",
  YEAR        = 1997,
  NUMBER      = 25,
  PAGES       = "7-10",
  MONTH       = feb}

@ARTICLE{men00,
  AUTHOR      = "Dimitris Menemenlis and Michael Chechelnitsky",
  TITLE       = "Error Estimates for an Ocean General Circulation Model
                 From Altimeter and Acoustic Tomography Data",
  JOURNAL     = mwr,
  YEAR        = 2000,
  VOLUME      = 128,
  PAGES       = "763--778"}

@ARTICLE{men03,
  AUTHOR      = "D. Menemenlis and B. Cheng and I. Fukumori and T. Lee and
                 A. Koehl and D. Stammer and A. Adcroft and P. Heimbach and
                 C. Hill and J. Zhang and C. Henze and J. Taft",
  TITLE       = "The {ECCO} High-Resolution Global-Ocean State Estimation Initiative",
  JOURNAL     = agu,
  YEAR        = 2003,
  VOLUME      = 84,
  NUMBER      = 52,
  PAGES       = "OS21H-02",
  NOTE        = "Available at http://ecco.jpl.nasa.gov/cube\_sphere/"}

@ARTICLE{sem76,
  AUTHOR      = "Semtner, Jr., Albert J.",
  TITLE       = "A model for the thermodynamic growth of sea ice in
                 numerical investigations of climate",
  JOURNAL     = jpo,
  YEAR        = 1976,
  VOLUME      = 6,
  PAGES       = "379-389"}

@TECHREPORT{sta93,
  AUTHOR      = "Detlef Stammer and Carl Wunsch",
  TITLE       = "Large Scale Modeling in the {ATOC} Context",
  INSTITUTION  = "{ATOC} Occasional Notes",
  YEAR        = 1993,
  NUMBER      = "14",
  MONTH       = sep}

@ARTICLE{sta94,
  AUTHOR      = "Detlef Stammer and Carl Wunsch",
  TITLE       = "Preliminary Assessment of the Accuracy and Precision of
                {TOPEX/POSEIDON} Altimeter Data With Respect to the
                Large-Scale Ocean Circulation",
  JOURNAL     = jgr,
  YEAR        = 1994,
  VOLUME      = 99,
  NUMBER      = "C12",
  PAGES       = "24,584-24,604",
  MONTH       = "December 15,"}

@ARTICLE{sta96,
  AUTHOR      = "Detlef Stammer and Carl Wunsch",
  TITLE       = "The Determination of the the Large-Scale Circulation of the
                {Pacific Ocean} from Satellite Altimetry Using Model
                {Green's} Functions",
  JOURNAL     = jgr,
  YEAR        = 1996,
  VOLUME      = 101,
  NUMBER      = "C8",
  PAGES       = "18,409-18,432",
  MONTH       = "August 15,"}

@ARTICLE{sta96b,
  AUTHOR      = "Detlef Stammer and Robin Tokmakian and Albert Semtner and
                Carl Wunsch",
  TITLE       = "How Well Does a 1/4$^\circ$ Global Circulation Model
                Simulate Large-Scale Oceanic Observations?",
  JOURNAL     = jgr,
  YEAR        = 1996,
  VOLUME      = 101,
  NUMBER      = "C11",
  PAGES       = "25,779-25,811"}

@ARTICLE{sta00,
  AUTHOR =	 "D. Stammer and C. Wunsch and R. M. Ponte",
  TITLE =	 "De-Aliasing of Global High Frequency Barotropic
                  Motions in Altimeter Observations",
  JOURNAL =	 grl,
  VOLUME =	 "27",
  PAGES =	 "1175-1178",
  YEAR =	 "2000"}

@ARTICLE{sta03,
  AUTHOR      = "D. Stammer and C. Wunsch and R. Giering and C. Eckert and
                 P. Heimbach and J. Marotzke and A. Adcroft and C. N. Hill
                 and J. Marshall",
  TITLE       = "Volume, Heat, and Freshwater Transports of the Global Ocean
                 Circulation 1993-2000, Estimated From a General Circulation Model
                 Constrained by {World Ocean Circulation Experiment (WOCE)} Data",
  JOURNAL     = jgr,
  YEAR        = 2003,
  VOLUME      = 108,
  NUMBER      = "C1",
  PAGES       = "3007-3029"}

@ARTICLE{win00,
  AUTHOR      = "M. Winton",
  TITLE       = "A reformulated three-layer sea ice model",
  JOURNAL     = jtech,
  YEAR        = 2000,
  VOLUME      = 17,
  PAGES       = "525-531"}

@ARTICLE{zha97,
  AUTHOR      = "Jinlun Zhang and W. D. {Hibler, III}",
  TITLE       = "On an Efficient Numerical Method for Modeling
                 Sea Ice Dynamics",
  JOURNAL     = jgr,
  YEAR        = 1997,
  VOLUME      = 102,
  PAGES       = "8691-8702"}

@ARTICLE{zha98a,
  AUTHOR      = "J. Zhang and W. D. {Hibler, III} and M. Steele
                 and D. A. Rothrock",
  TITLE       = "Arctic ice-ocean modeling with and without climate restoring",
  JOURNAL     = jpo,
  YEAR        = 1998,
  VOLUME      = 28,
  PAGES       = "191-217"}

@ARTICLE{zha98b,
  AUTHOR      = "J. Zhang and D. A. Rothrock and M. Steele",
  TITLE       = "Warming of the {Arctic Ocean} by a strengthened {Atlantic}
                 inflow: Model results",
  JOURNAL     = grl,
  YEAR        = 1998,
  VOLUME      = 25,
  PAGES       = "1745-1748"}

@ARTICLE{zha00,
  AUTHOR      = "Jinlun Zhang and Drew Rothrock",
  TITLE       = "Modeling Arctic Sea Ice with an Efficient Plastic Solution",
  JOURNAL     = jgr,
  YEAR        = 2000,
  VOLUME      = 105,
  PAGES       = "3325-3338"}

@ARTICLE{zha00a,
  AUTHOR      = "J. Zhang and D. A. Rothrock and M. Steele",
  TITLE       = "Recent changes in {Arctic} sea ice: The interplay
                 between ice dynamics and thermodynamics",
  JOURNAL     = jclim,
  YEAR        = 2000,
  VOLUME      = 13,
  PAGES       = "3099-3114"}

@ARTICLE{zha00b,
  AUTHOR      = "J. Zhang and D. A. Rothrock",
  TITLE       = "A thickness and enthalpy distribution sea-ice model",
  JOURNAL     = jpo,
  YEAR        = "in press, 2000"}
